<record><leader>00000cas a22000007a 4500</leader><controlfield tag="001">27411037</controlfield><controlfield tag="008">930210c19899999mouwr ne      0    0eng d</controlfield><datafield ind1=" " ind2=" " tag="010"><subfield code="a">sn 93059938 </subfield></datafield><datafield ind1=" " ind2=" " tag="040"><subfield code="a">MQN</subfield><subfield code="b">eng</subfield><subfield code="c">MQN</subfield><subfield code="d">OCLCQ</subfield></datafield><datafield ind1=" " ind2=" " tag="042"><subfield code="a">msc</subfield></datafield><datafield ind1="0" ind2="0" tag="245"><subfield code="a">Advance statesman.</subfield></datafield><datafield ind1=" " ind2=" " tag="260"><subfield code="a">Advance, Mo. :</subfield><subfield code="b">Advance News,</subfield><subfield code="c">1989-</subfield></datafield><datafield ind1=" " ind2=" " tag="300"><subfield code="a">v.</subfield></datafield><datafield ind1=" " ind2=" " tag="310"><subfield code="a">Weekly</subfield></datafield><datafield ind1="0" ind2=" " tag="362"><subfield code="a">Vol. 20, no. 1 (Jan. 4, 1989)-</subfield></datafield><datafield ind1=" " ind2="4" tag="651"><subfield code="a">Advance (Mo.)</subfield><subfield code="v">Newspapers.</subfield></datafield><datafield ind1=" " ind2=" " tag="752"><subfield code="a">United States</subfield><subfield code="b">Missouri</subfield><subfield code="c">Stoddard</subfield><subfield code="d">Advance.</subfield></datafield><datafield ind1="0" ind2="0" tag="780"><subfield code="t">Advance news (Advance, Mo. : 1969)</subfield><subfield code="w">(DLC)sn 88068103</subfield></datafield></record>